@article{zhang2017efficient,
  title={``{Efficient Knn Classification with Different Numbers of Nearest Neighbors}''},
  author={Zhang, Shichao and Li, Xuelong and Zong, Ming and Zhu, Xiaofeng and Wang, Ruili},
  journal={{\it IEEE transactions on neural networks and learning systems}},
  volume={29},
  number={5},
  pages={1774--1785},
  year={2017},
  publisher={IEEE}
}

@article{sermanet2013overfeat,
	title={``{Overfeat: Integrated recognition, localization and detection using convolutional networks}''},
	author={Sermanet, Pierre and Eigen, David and Zhang, Xiang and Mathieu, Micha{\"e}l and Fergus, Rob and LeCun, Yann},
	journal={\it arXiv preprint arXiv:1312.6229},
	year={2013}
}

@article{byrd1995limited,
	title={``{A limited memory algorithm for bound constrained optimization}''},
	author={Byrd, Richard H and Lu, Peihuang and Nocedal, Jorge and Zhu, Ciyou},
	journal={\it SIAM Journal on Scientific Computing},
	volume={16},
	number={5},
	pages={1190--1208},
	year={1995},
	publisher={SIAM}
}

@article{szegedy2013intriguing,
	title={``{Intriguing properties of neural networks}''},
	author={Szegedy, Christian and Zaremba, Wojciech and Sutskever, Ilya and Bruna, Joan and Erhan, Dumitru and Goodfellow, Ian and Fergus, Rob},
	journal={\it arXiv preprint arXiv:1312.6199},
	year={2013}
}

@inproceedings{el2006study,
	title={``{A study of the robustness of KNN classifiers trained using soft labels}''},
	author={El Gayar, Neamat and Schwenker, Friedhelm and Palm, G{\"u}nther},
	booktitle={\it Proceedings of IAPR Workshop on Artificial Neural Networks in Pattern Recognition},
	pages={67--80},
	year={2006},
	organization={Springer}
}

@incollection{simard1998transformation,
	title={``{Transformation invariance in pattern recognitionâ€”tangent distance and tangent propagation}''},
	author={Simard, Patrice Y and LeCun, Yann A and Denker, John S and Victorri, Bernard},
	booktitle={\it Proceedings of Neural networks: tricks of the trade},
	pages={239--274},
	year={1998},
	publisher={Springer}
}

@inproceedings{bicego2016weighted,
  author={Bicego, Manuele and Loog, Marco},
  title={``{Weighted K-nearest Neighbor Revisited}''},
  booktitle={{\it Proceedings of the 23rd International Conference on Pattern Recognition}},
  pages={1642--1647},
  year={2016},
  organization={IEEE}
}
@inproceedings{Zhong:2017:IKC:3055635.3056604,
 title = {``{An Improved k-NN Classification with Dynamic $k$}''},
 author = {Zhong, Xiao-Feng and Guo, Shi-Ze and Gao, Liang and Shan, Hong and Zheng, Jing-Hua},
 booktitle = {{\it Proceedings of the 9th International Conference on Machine Learning and Computing}},
 pages = {211--216},
 year = {2017},
 publisher = {ACM}
} 
@inproceedings{carrara2017detecting,
  title={``{Detecting Adversarial Example Attacks to Deep Neural Networks}''},
  author={Carrara, Fabio and Falchi, Fabrizio and Caldelli, Roberto and Amato, Giuseppe and Fumarola, Roberta and Becarelli, Rudy},
  booktitle={\emph{\it Proceedings of the 15th International Workshop on Content-Based Multimedia Indexing}},
  pages={38:1--38:7},
  year={2017},
  organization={ACM}
}
@inproceedings{wang2017analyzing,
  title={``{Analyzing the Robustness of Nearest Neighbors to Adversarial Examples}''},
  author={Wang, Yizhen and Jha, Somesh and Chaudhuri, Kamalika},
  booktitle = {\it Proceedings of the 35th International Conference on Machine Learning},
  pages = {5133--5142},
  year = {2018},
  publisher = {PMLR},
}

@inproceedings{bojcheski2018adversarial,
	title={``{Adversarial Attacks on Node Embeddings via Graph Poisoning}''},
	author={Bojchevski, Aleksandar and G{\"u}nnemann, Stephan},
	booktitle={\it Proceedings of International Conference on Machine Learning},
	pages={695--704},
	year={2019},
	publisher = {PMLR}
}
@inproceedings{sani2017learning,
  title={``{Learning Deep Features for KNN-based Human Activity Recognition}''},
  author={Sani, Sadiq and Wiratunga, Nirmalie and Massie, Stewart},
  booktitle={\it Proceedings of the ICCBR Workshops: Case-Based Reasoning and Deep Learning Workshop},
  pages={95--103},
  year={2017},
  publisher={ICCBR (Organisers)}
}
@inproceedings{zhang2018nearest,
  title={``{Nearest Subspace with Discriminative Regularization for Time Series Classification}''},
  author={Zhang, Zhenguo and Wen, Yanlong and Zhang, Ying and Yuan, Xiaojie},
  booktitle={\emph{\it Proceedings of International Conference on Database Systems for Advanced Applications}},
  pages={583--599},
  year={2018},
  organization={Springer}
}
@article{liu2011k,
  title={``{$ k $-NS: A Classifier by the Distance to the Nearest Subspace}''},
  author={Liu, Yiguang and Ge, Shuzhi Sam and Li, Chunguang and You, Zhisheng},
  journal={\emph{\it IEEE Transactions on Neural Networks}},
  volume={22},
  number={8},
  pages={1256--1268},
  year={2011},
  publisher={IEEE}
}
@inproceedings{zugner2018adversarial,
	title={``{Adversarial Attacks on Neural Networks for Graph Data}''},
	author={Z{\"u}gner, Daniel and Akbarnejad, Amir and G{\"u}nnemann, Stephan},
	booktitle={\emph{\it Proceedings of the 24th ACM SIGKDD International Conference on Knowledge Discovery \& Data Mining}},
	pages={2847--2856},
	year={2018},
	organization={ACM}
}
@inproceedings{gao2018self,
	title={``{Self-paced Network Embedding}''},
	author={Gao, Hongchang and Huang, Heng},
	booktitle={\emph{\it Proceedings of the 24th ACM SIGKDD International Conference on Knowledge Discovery \& Data Mining}},
	pages={1406--1415},
	year={2018},
	organization={ACM}
}
@inproceedings{ma2018multi,
	title={``{Multi-dimensional Network Embedding with Hierarchical Structure}''},
	author={Ma, Yao and Ren, Zhaochun and Jiang, Ziheng and Tang, Jiliang and Yin, Dawei},
	booktitle={\emph{\it Proceedings of the Eleventh ACM International Conference on Web Search and Data Mining}},
	pages={387--395},
	year={2018},
	organization={ACM}
}
@inproceedings{el2006study,
	title={``{A Study of the Robustness of KNN Classifiers Trained Using Soft Labels}''},
	author={El Gayar, Neamat and Schwenker, Friedhelm and Palm, G{\"u}nther},
	booktitle={\emph{\it Proceedings of IAPR Workshop on Artificial Neural Networks in Pattern Recognition}},
	pages={67--80},
	year={2006},
	organization={Springer}
}
@article{cover1967nearest,
	title={``{Nearest Neighbor Pattern Classification}''},
	author={Cover, Thomas M and Hart, Peter E and others},
	journal={\emph{\it IEEE transactions on information theory}},
	volume={13},
	number={1},
	pages={21--27},
	year={1967},
	publisher={Menlo Park}
}
@inproceedings{goodfellow2014explaining,
	title={``{Explaining and Harnessing Adversarial Examples}''},
	author={Goodfellow, Ian J and Shlens, Jonathon and Szegedy, Christian},
	booktitle={\emph{\it Proceedings of 3rd International Conference on Learning Representations}},
	pages={1--11},
	year={2015}
}
@article{lin2011parameter,
	title={``{Parameter Tuning, Feature Selection and Weight Assignment of Features for case-based Reasoning by Artificial Immune System}''},
	author={Lin, Shih-Wei and Chen, Shih-Chieh},
	journal={\emph{\it Applied Soft Computing}},
	volume={11},
	number={8},
	pages={5042--5052},
	year={2011},
	publisher={Elsevier}
}
@inproceedings{gordo2016deep,
	title={``{Deep Image Retrieval: Learning Global Representations for Image Search}''},
	author={Gordo, Albert and Almaz{\'a}n, Jon and Revaud, Jerome and Larlus, Diane},
	booktitle={\emph{\it Proceedings of European conference on computer vision}},
	pages={241--257},
	year={2016},
	organization={Springer}
}
@article{cover1967nearest,
	title={``{Nearest Neighbor Pattern Classification}''},
	author={Cover, Thomas M and Hart, Peter E and others},
	journal={\emph{\it IEEE transactions on information theory}},
	volume={13},
	number={1},
	pages={21--27},
	year={1967},
	publisher={Menlo Park}
}
@inproceedings{chaudhuri2014rates,
	title={``{Rates of Convergence for Nearest Neighbor Classification}''},
	author={Chaudhuri, Kamalika and Dasgupta, Sanjoy},
	booktitle={\emph{\it Proceedings of Advances in Neural Information Processing Systems}},
	pages={3437--3445},
	year={2014}
}
@article{guyon2003introduction,
	title={``{An Introduction to Variable and Feature Selection}''},
	author={Guyon, Isabelle and Elisseeff, Andr{\'e}},
	journal={\emph{\it Journal of machine learning research}},
	volume={3},
	number={3},
	pages={1157--1182},
	year={2003}
}
@inproceedings{draszawka2015improving,
	title={``{Improving css-KNN Classification Performance by Shifts in Training Data}''},
	author={Draszawka, Karol and Szyma{\'n}ski, Julian and Guerra, Francesco},
	booktitle={\emph{\it Proceedings of International Conference on Semantic Keyword-Based Search on Structured Data Sources}},
	pages={51--63},
	year={2015},
	organization={Springer}
}
@inproceedings{pawlovsky2014method,
	title={``{A Method to Select a Good Setting for the KNN Algorithm When Using It for Breast Cancer Prognosis}''},
	author={Pawlovsky, Alberto Palacios and Nagahashi, Mai},
	booktitle={\emph{\it Proceedings of IEEE-EMBS International Conference on Biomedical and Health Informatics (BHI)}},
	pages={189--192},
	year={2014},
	organization={IEEE}
}
@inproceedings{shi2011improved,
	title={``{An Improved KNN Text Classification Algorithm Based on Density}''},
	author={Shi, Kansheng and Li, Lemin and Liu, Haitao and He, Jie and Zhang, Naitong and Song, Wentao},
	booktitle={\emph{\it Proceedings of 2011 IEEE International Conference on Cloud Computing and Intelligence Systems}},
	pages={113--117},
	year={2011},
	organization={IEEE}
}
@inproceedings{tabacof2016exploring,
	title={``{Exploring the Space of Adversarial Images}''},
	author={Tabacof, Pedro and Valle, Eduardo},
	booktitle={\emph{\it Proceedings of 2016 International Joint Conference on Neural Networks}},
	pages={426--433},
	year={2016},
	organization={IEEE}
}
@inproceedings{karampatziakis2013discriminative,
	title={``{Discriminative Features via Generalized Eigenvectors}''},
	author={Karampatziakis, Nikos and Mineiro, Paul},
	booktitle={\emph{\it Proceedings of the 31th International Conference on Machine Learning}},
	pages={494--502},
	year={2014}
}

@article{chandrasekhar2016practical,
	title={``{A Practical Guide to CNNs and Fisher Vectors for Image Instance Retrieval}''},
	author={Chandrasekhar, Vijay and Lin, Jie and Morere, Olivier and Goh, Hanlin and Veillard, Antoine},
	journal={\emph{\it Signal Processing}},
	volume={128},
	number={11},
	pages={426--439},
	year={2016},
	publisher={Elsevier}
}

@article{sugiyama2007dimensionality,
	title={``{Dimensionality Reduction of Multimodal Labeled Data by Local Fisher Discriminant Analysis}''},
	author={Sugiyama, Masashi},
	journal={\emph{\it Journal of machine learning research}},
	volume={8},
	number={5},
	pages={1027--1061},
	year={2007}
}